

@book{gelman1995bayesian,
  title={Bayesian data analysis},
  author={Gelman, Andrew and Carlin, John B and Stern, Hal S and Rubin, Donald B},
  year={1995},
  publisher={Chapman and Hall/CRC}
}

@unpublished{author2024notes,
  author = {Oswaldo Gressani},
  title = {Bayesian Data Analysis},
  note = {Unpublished notes},
  year = {2024}
}